@article{nvidiabojarski2016end,
  title={End to end learning for self-driving cars},
  author={Bojarski, Mariusz and Del Testa, Davide and Dworakowski, Daniel and Firner, Bernhard and Flepp, Beat and Goyal, Prasoon and Jackel, Lawrence D and Monfort, Mathew and Muller, Urs and Zhang, Jiakai and others},
  journal={arXiv preprint arXiv:1604.07316},
  year={2016}
}

@book{redesneurais,
  title={Redes neurais: princ{\'\i}pios e pr{\'a}tica},
  author={Haykin, Simon},
  year={2007},
  publisher={Bookman Editora}
}

@misc{marcatto2014desenvolvimento,
  title={Desenvolvimento de um sistema de navega{\c{c}}{\~a}o para ve{\'\i}culo aut{\^o}nomo},
  author={Marcatto, Maria Carolina Camargo and Coelho, Alessandra Dutra},
  year={2014}
}
@article{self-drivingcar,
  title={Self-Driving Car},
  author={Udacity},
  year={2017}
}
@article{autoware,
  title={Autoware},
  author={The Autoware Foundation},
  year={2019}
}
@article{selfdrivingcartoy,
  title={Self Driving (Toy) Ferrari},
  author={Ryan Zotti},
  year={2017}
}
@inproceedings{inproceedings,
author = {Pissardini, Rodrigo and Chin Min Wei, Daniel and Fonseca Jr, Edvaldo},
year = {2013},
month = {01},
pages = {},
title = {VEÍCULOS AUTÔNOMOS: CONCEITOS, HISTÓRICO E ESTADO-DA-ARTE}
}
@mastersthesis{rodrigues2017fundamentos,
  title={Fundamentos, tecnologias e aplica{\c{c}}{\~o}es de ve{\'\i}culos aut{\^o}nomos},
  author={Rodrigues, Leonardo Cavalheiro},
  type={{B.S.} thesis},
  year={2017},
  school={Universidade Tecnol{\'o}gica Federal do Paran{\'a}}
}


@misc{jaguar,
 title   ={Jaguar V4 Pltaform Specification},
 url     ={http://jaguar.drrobot.com/specification_V4.asp},
 organization={Dr Robot Inc.},
 urlaccessdate={27 dez. 2018}
}


@misc{rosInstalacao,
 title   ={Ubuntu install of ROS Kinetic},
 url     ={http://wiki.ros.org/kinetic/Installation/Ubuntu. },
 organization={Ros.org},
 urlaccessdate = {27 dez. 2018},
 year = {2017},
}

@misc{ubuntu,
 title   ={Instalação Dual Boot Windows 10 e Ubuntu 16.04 com UEFI},
 url     ={https://lcomlinux.wordpress.com/2016/05/20/instalacao-dual-boot-windows-10-e-ubuntu-16-04-com-uefi/},
 organization={Lcomlinux},
 urlaccessdate={27 dez. 2018}
 year = {2016},
}

@article{lorenafaceli2011inteligencia,
  title={Intelig{\^e}ncia Artificial: Uma abordagem de aprendizado de m{\'a}quina},
  author={Faceli, Katti and Lorena, Ana Carolina and Gama, Jo{\~a}o and Carvalho, Andr{\'e} Carlos Ponce de Leon and others},
  year={2011}
}
@book{goodfellow2016deep,
  title={Deep learning},
  author={Goodfellow, Ian and Bengio, Yoshua and Courville, Aaron and Bengio, Yoshua},
  volume={1},
  note={\url{http://www.deeplearningbook.org}},
  year={2016},
  publisher={MIT press Cambridge}
}
@misc{diferencamachinelearning,
 title   ={Machine Learning e Deep Learning: aprenda as diferenças},
 url     ={http://deeplearningbook.com.br/o-que-sao-redes-neurais-artificiais-profundas/},
 organization={Data Science Academy},
 urlaccessdate={10 jan. 2019},
 year={2019},
}

@article{ponti2018funciona,
  title={Como funciona o Deep Learning},
  author={Ponti, Moacir Antonelli and da Costa, Gabriel B Paranhos},
  journal={arXiv preprint arXiv:1806.07908},
  year={2018}
}

@article{schmidhuber2015deep,
  title={Deep learning in neural networks: An overview},
  author={Schmidhuber, J{\"u}rgen},
  journal={Neural networks},
  volume={61},
  pages={85--117},
  year={2015},
  publisher={Elsevier}
}
@book{pythonmachinelearning,
  title={Python machine learning},
  author={Raschka, Sebastian},
  year={2015},
  publisher={Packt Publishing Ltd}
}
@misc{sentimentos,
  title={M{\'e}todos para an{\'a}lise de sentimentos em m{\'\i}dias sociais},
  author={Benevenuto, Fabr{\'\i}cio and Ribeiro, Filipe and Ara{\'u}jo, Matheus},
  year={2015}
}

@article{dointroduccaoa,
  title={Introdu{\c{c}}aoa Intelig{\^e}ncia Artificial},
  author={do Lago Pereira, Silvio}
}
@book{mitdeeplearning,
    title={Deep Learning},
    author={Ian Goodfellow and Yoshua Bengio and Aaron Courville},
    publisher={MIT Press},
    note={\url{http://www.deeplearningbook.org}},
    year={2016}
}
@book{modernapproach,
  title={Artificial intelligence: a modern approach},
  author={Russell, Stuart J and Norvig, Peter},
  year={2016},
  publisher={Malaysia; Pearson Education Limited,}
}

@misc{Fernando,
	title={Introdução à Inteligência Artificial},
	author={Prof. Fernando J. Von Zuben},
	urlaccessdate={27 dez. 2018},
	organization={DCA/FEEC/Unicamp},
  year={2013},
}
@misc{jonasgranatyr,
 title   ={3 Linguagens para Inteligência Artificial},
 url     ={https://iaexpert.com.br/index.php/2017/04/05/3-linguagens-para-inteligencia-artificial/},
 organization={Jones Granatyr},
 year={2017},
 urlaccessdate={27 dez. 2018}
}
@article{lamport1986latex,
    title={LaTEX: User's Guide \& Reference Manual},
    author={Lamport, Leslie},
    year={1986},
    publisher={Addison-Wesley}
}

@book{borges2014python,
  title={Python para Desenvolvedores: Aborda Python 3.3},
  author={Borges, Luiz Eduardo},
  year={2014},
  publisher={Novatec Editora}
}
@article{quatroautores,
	title={Real-time prediction of hand trajectory 
	by ensembles of cortical neurons in primates},
	author={Wessberg, Johan and Stambaugh, Christopher R and 
	Kralik,Jerald D and 
	Beck, Pamela D and Laubach, Mark and 
	Chapin, John K and Kim, Jung and Biggs, S James and 
	Srinivasan, Mandayam A and Nicolelis, Miguel AL},
	journal={Nature},
	volume={408},
	number={6810},
	pages={361--365},
	year={2000},
	publisher={Nature Publishing Group}
}

@book{knuth,
	title={The texbook},
	author={Knuth, D.E. and Bibby, D. and Makai, I.},
	volume={1993},
	year={1986},
	publisher={Addison-Wesley}
}

@MASTERSTHESIS{Maia2011,
	author = { BORGES, J. A. M.},
	TITLE = {Estudo da drogadição gestacional e óbito neonatal},
	SCHOOL = {Universidade Estadual do Ceará, Fortaleza},
	YEAR = {2012},
	type = {Mestrado},
}

@article{mortalidade,
	title={Mortalidade neonatal: fatores de risco em um município no sul do Brasil},
	author={MARAM, E. and UCHIMURA, T. T.},
	journal={Rev. Eletr. Enf.},
	volume={10},
	number={1},
	pages={29-38},
	year={2008},
}

@inproceedings{Huetal2000,
	author = "J. Hu and H.R. Wu and A. Jennings and X. Wang",
	title = "Fast and robust equalization: A case study",
	booktitle = "Proceedings of the World Multiconference on Systemics, Cybernetics and Informatics, (SCI 2000), Florida, USA, 23-26 July 2000",
	publisher = "International Institute of Informatics and Systemics", 
	address = "FL, USA",
	pages = "398--403",
	year = "2000"
}

@misc{elonmusk,
 title={Elon Musk: Teslas Will Be Fully Self-Driving By Next Year},
 author={Victor Tangermann},
 url = {https://futurism.com/elon-musk-full-self-driving-2020)},
urlaccessdate={1 abril de 2019},
organization={Futurism},
year={2019}
}
@misc{brasilutimorank,
 title={Brasil é um dos últimos em ranking de aptidão para carros autônomos},
 author={G1},
 url = {https://g1.globo.com/carros/noticia/brasil-e-um-dos-ultimos-em-ranking-de-aptidao-para-carros-autonomos.ghtml},
urlaccessdate={1 abril de 2019},
organization={G1},
year={2018}
}
@misc{carroautonomobrasil,
title={Carros autônomos com “sangue” brasileiro},
author={RAPHAELL MACIEL},
url = {https://imasters.com.br/tecnologia/carros-autonomos-com-sangue-brasileiro},
urlaccessdate={1 abril de 2019},
organization={iMasters},
year={2018}
}

@misc{rosinstlation,
 title={Ubuntu install of ROS Kinetic},
 author={DHood},
 url = {http://wiki.ros.org/kinetic/Installation/Ubuntu},
urlaccessdate={1 abril de 2019},
organization={Wiki.Ros},
year={2017}
}

@inproceedings{Ros2,
  title={ROS: an open-source Robot Operating System},
  author={Quigley, Morgan and Conley, Ken and Gerkey, Brian and Faust, Josh and Foote, Tully and Leibs, Jeremy and Wheeler, Rob and Ng, Andrew Y},
  booktitle={ICRA workshop on open source software},
  volume={3},
  number={3.2},
  pages={5},
  year={2009},
  organization={Kobe, Japan}
}

@misc{ros,
 title={About ROS},
 author={DHood},
 url = {https://www.ros.org/about-ros/},
urlaccessdate={1 abril de 2019},
organization={ROS.org},
year={2017}
}

%@misc{kerasconv,
% title={Keras 1.2.2 Documentation},
% author={Fabian-Robert Stöter},
% url = {http://faroit.com/keras-docs/1.2.2/layers/convolutional/},
%urlaccessdate={1 maio de 2019},
%}

@misc{kerasconv,
  title={Keras},
  author={Chollet, Fran\c{c}ois},
  year={2015},
  publisher={GitHub},
  urlaccessdate={1 maio de 2019},
  howpublished={\url{https://github.com/fchollet/keras}},
}


@article{redesneuraisconv,
	title={Redes Neurais Convolucionais com Tensorflow: Teoria e Prática},
	author={Flávio H. D. Araújo, Allan C. Carneiro, Romuere R. V. Silva, Fátima N. S. Medeiros e Daniela M. Ushizima},
	journal={ERIPI},
	volume={1},
	number={1},
	pages={382-406},
	year={2017},
}

@misc{deeplearningbook,
title={Capítulo 40 – Introdução as Redes Neurais Convolucionais},
url = {http://deeplearningbook.com.br/introducao-as-redes-neurais-convolucionais/},
urlaccessdate={1 abril de 2019},
organization={Data Science Academy},
year={2019}
}

@misc{conv1,
title={A Comprehensive Guide to Convolutional Neural Networks — the ELI5 way},
url = {https://towardsdatascience.com/a-comprehensive-guide-to-convolutional-neural-networks-the-eli5-way-3bd2b1164a53},
author = {Sumit Saha},
urlaccessdate={1 abril de 2019},
organization={Towards Data Science},
year={2018}
}

@article{conv2,
  title={An intuitive explanation of convolutional neural networks},
  author={Karn, Ujjwal},
  journal={the data science blog},
  urlaccessdate={1 abril de 2019},
  year={2016}
}


@misc{keras,
title={Keras: The Python Deep Learning library},
url = {https://keras.io/},
urlaccessdate={10 março de 2019},
organization={Keras Team},
year={2015},
}

@misc{tensorflow,
title={Keras},
url = {https://www.tensorflow.org/guide/keras},
urlaccessdate={10 março de 2019},
organization={Tensorflow},
year={2015},
}

@misc{freecodecamp,
title={An Intuitive Guide To Convolutional Neural Networks},
url = {https://medium.freecodecamp.org/an-intuitive-guide-to-convolutional-neural-networks-260c2de0a050},
author = {Daphne Cornelisse},
urlaccessdate={05 de março de 2019},
organization={FreeCodeCamp},
year={2018},
}

@misc{resolucao,
title={HD, Full HD, 4K, alta resolução… entenda essas siglas!},
url = {http://blogdoscursos.com.br/hd-full-hd-4k-alta-resolucao-entenda-essas-siglas/},
author = {Taboão da Serra},
urlaccessdate={10 de março de 2019},
organization={BLOG DOS CURSOS},
year={2017},
}

@article{introducaoRedeNeural,
  title={A Quick Introduction to Neural Networks},
  author={Karn, Ujjwal},
  journal={Internet: https://ujjwalkarn.me/2016/08/09/quick-intro-neural-networks},
  urlaccessdate={10 de março de 2019},
  year={2016}
}


@article{aprendizadoDeMaquinaDivertido,
  title={Machine Learning is Fun! Part 4: Modern Face Recognition with Deep Learning},
  author={Geitgey, Adam},
  journal={Medium. com},
  volume={24},
  urlaccessdate={10 de março de 2019},
  year={2016}
}

@misc{elu,
title={ELU as a Neural Networks Activation Function},
url = {https://sefiks.com/2018/01/02/elu-as-a-neural-networks-activation-function/},
author = {Sefik},
urlaccessdate={20 de maio de 2019},
organization={Sefiks},
year={2018},
}

@misc{pistaunifor,
url = {https://www.google.com.br/maps/place/UNIFOR+-+Universidade+de+Fortaleza},
author = {Google},
urlaccessdate={22 de maio de 2019},
organization={Google},
year = {2019},
}

%@misc{redeneuralnvidia,
%title={Artificial Neural Network},
%url = {https://developer.nvidia.com/discover/artificial-neural-network},
%author = {Nvidia},
%urlaccessdate={24 de maio de 2019},
%organization={Nvidia},
%year={},
%}

@inproceedings{redeneuralnvidia,
  title={Artificial neural network computation on graphic process unit},
  author={Luo, Zhongwen and Liu, Hongzhi and Wu, Xincai},
  booktitle={Proceedings. 2005 IEEE International Joint Conference on Neural Networks, 2005.},
  volume={1},
  pages={622--626},
  year={2005},
  urlaccessdate={24 de maio de 2019},
  organization={IEEE}
}
%@misc{CS231n,
%title={Convolutional Neural Networks for Visual Recognition},
%url = {http://cs231n.github.io/convolutional-networks/},
%author = {CS231n},
%urlaccessdate={20 de maio de 2019},
%organization={GitHub},
%}
@article{CS231n,
  title={Cs231n convolutional neural networks for visual recognition},
  author={Karpathy, Andrej and others},
  journal={Neural networks},
  volume={1},
   urlaccessdate={20 de maio de 2019},
  year={2016}
}

@misc{empresasenvolvidascomcarrosautonomos,
title={Veja quais são as 30 empresas que já estão envolvidas com carros autônomos},
url = {https://www.tecmundo.com.br/carro/103966-existem-30-empresas-envolvidas-carros-autonomos-confira-quais.htm},
author = {RENAN HAMANN},
urlaccessdate={10 de abril de 2019},
organization={TecMundo},
year={2016},
}

@misc{estadao,
title={Participação da indústria automobilística no PIB cresce 45,6\% em 11 anos},
url = {https://economia.ig.com.br/empresas/industria/2013-05-06/participacao-da-industria-automobilistica-no-pib-cresce-456-em-11-anos.html},
author = {ESTADÃO},
urlaccessdate={10 de abril de 2019},
organization={ESTADÃO},
year={2013},
}

@misc{naokish,
title={},
url = {https://github.com/naokishibuya/car-behavioral-cloning},
author = {Naoki Shibuya},
urlaccessdate={10 de abril de 2019},
year={2017},
}